<?xml version="1.0" encoding="UTF-8"?><record xmlns="http://www.loc.gov/MARC21/slim" xmlns:cinclude="http://apache.org/cocoon/include/1.0" xmlns:zs="http://www.loc.gov/zing/srw/">
  <leader>00487cz  a2200133n  4500</leader>
  <controlfield tag="001">n  83198327 </controlfield>
  <controlfield tag="003">DLC</controlfield>
  <controlfield tag="005">20010824140521.0</controlfield>
  <controlfield tag="008">831122n| acannaab           |n aaa      </controlfield>
  <datafield tag="010" ind1=" " ind2=" ">
    <subfield code="a">n  83198327 </subfield>
    <subfield code="z">no 00067691 </subfield>
  </datafield>
  <datafield tag="040" ind1=" " ind2=" ">
    <subfield code="a">DLC</subfield>
    <subfield code="c">DLC</subfield>
    <subfield code="d">DLC</subfield>
  </datafield>
  <datafield tag="100" ind1="1" ind2=" ">
    <subfield code="a">Hasselriis, Floyd</subfield>
  </datafield>
  <datafield tag="670" ind1=" " ind2=" ">
    <subfield code="a">His Refuse-derived fuel processing, c1983:</subfield>
    <subfield code="b">CIP t.p. (Floyd Hasselriis)</subfield>
  </datafield>
  <datafield tag="670" ind1=" " ind2=" ">
    <subfield code="a">Authoritative answers to common questions on emissions from resource recovery facilities, 1985:</subfield>
    <subfield code="b">t.p. (Floyd Hasselriis, P.E.)</subfield>
  </datafield>
</record>